@inproceedings{mapping1,
  author    = {Jayant Madhavan and
               Philip A. Bernstein and
               Kuang Chen and
               Alon Y. Halevy and
               Pradeep Shenoy},
  title     = {Corpus-based Schema Matching},
  booktitle = {IIWeb},
  year      = {2003},
  pages     = {59-63},
  ee        = {http://www.isi.edu/info-agents/workshops/ijcai03/papers/Madhavan-ijcai-corpus2.pdf},
  crossref  = {DBLP:conf/ijcai/2003iiweb},
  bibsource = {DBLP, http://dblp.uni-trier.de}
}

@inproceedings{mapping2,
  title={Reconciling schemas of disparate data sources: A machine-learning approach},
  author={Doan, A.H. and Domingos, P. and Halevy, A.Y.},
  booktitle={ACM Sigmod Record},
  volume={30},
  number={2},
  pages={509--520},
  year={2001},
  organization={ACM}
}

@article{merrill2006mashups,
  title={Mashups: The new breed of Web app},
  author={Merrill, D.},
  journal={IBM Web Architecture Technical Library},
  pages={1--13},
  year={2006},
  publisher={IBM developerWorks}
}
@inproceedings{jhingran2006enterprise,
  title={Enterprise information mashups: integrating information, simply},
  author={Jhingran, A.},
  booktitle={Proceedings of the 32nd international conference on Very large data bases},
  pages={3--4},
  year={2006},
  organization={VLDB Endowment}
}

@article{maximilien2007domain,
  title={A domain-specific language for web apis and services mashups},
  author={Maximilien, E. and Wilkinson, H. and Desai, N. and Tai, S.},
  journal={Service-oriented computing--ICSOC 2007},
  pages={13--26},
  year={2007},
  publisher={Springer}
}

@article{di2009data,
  title={Data integration in mashups},
  author={Di Lorenzo, G. and Hacid, H. and Paik, H. and Benatallah, B.},
  journal={ACM Sigmod Record},
  volume={38},
  number={1},
  pages={59--66},
  year={2009},
  publisher={ACM}
}

@misc{opk,
  title={Open Kapow},
	author={"Kapow Software"},
  howpublished = "\url{http://kapowsoftware.com/}"
}

@misc{comet,
	title={Design Patterns for AJAX},
	author={Michael Mahemoff},
	howpublished="\url{http://ajaxpatterns.org/HTTP_Streaming}",
  year={2006},
  publisher={O'Rielly Media}
}

@article{fagan2007mashing,
  title={Mashing up Multiple Web Feeds Using Yahoo! Pipes.},
  author={Fagan, J.C.},
  journal={Computers in Libraries},
  volume={27},
  number={10},
  pages={8},
  year={2007},
  publisher={Information Today, Inc. 143 Old Marlton Pike, Medford, NJ 08055-8750. Tel: 800-300-9868; Tel: 609-654-6266; Fax: 609-654-4309; e-mail: custserv@ infotoday. com; Web site: http://infotoday. com}
}
